<?xml version="1.0" encoding="UTF-8"?>
<record xmlns="http://www.loc.gov/MARC21/slim" xmlns:xsi="http://www.w3.org/2001/XMLSchema-instance" xsi:schemaLocation="http://www.loc.gov/MARC21/slim http://www.loc.gov/standards/marcxml/schema/MARC21slim.xsd">
<leader>     cam a2200229 a 4500</leader>
<controlfield tag="001">002855506</controlfield>
<controlfield tag="003">NNU</controlfield>
<controlfield tag="005">20020513081630.0</controlfield>
<controlfield tag="008">870818s1953    ua            000 0 ara d</controlfield>
<datafield tag="035" ind1="9" ind2=" ">
<subfield code="a">NYUb10569676</subfield>
</datafield>
<datafield tag="035" ind1=" " ind2=" ">
<subfield code="a">(NNU)NYUb10569676</subfield>
</datafield>
<datafield tag="035" ind1=" " ind2=" ">
<subfield code="a">(NNU)GLIS005696768</subfield>
</datafield>
<datafield tag="035" ind1=" " ind2=" ">
<subfield code="a">(CStRLIN)NYUG87-B27005</subfield>
</datafield>
<datafield tag="040" ind1=" " ind2=" ">
<subfield code="a">NNU</subfield>
<subfield code="c">NNU</subfield>
</datafield>
<datafield tag="090" ind1=" " ind2=" ">
<subfield code="a">PJ7828.D22</subfield>
<subfield code="b">Z6</subfield>
<subfield code="i">05/13/02 T</subfield>
</datafield>
<datafield tag="100" ind1="1" ind2=" ">
<subfield code="a">Ghaḍbān, ʻĀdil.</subfield>
</datafield>
<datafield tag="245" ind1="1" ind2="3">
<subfield code="a">al-Shaykh Najīb al-Ḥaddād :</subfield>
<subfield code="b">1867-1899 /</subfield>
<subfield code="c">bi-qalam ʻĀdil al-Ghaḍbān.</subfield>
</datafield>
<datafield tag="260" ind1=" " ind2=" ">
<subfield code="a">Miṣr :</subfield>
<subfield code="b">Dār al-Maʻārif,</subfield>
<subfield code="c">1953.</subfield>
</datafield>
<datafield tag="300" ind1=" " ind2=" ">
<subfield code="a">111 p. ;</subfield>
<subfield code="c">21 cm.</subfield>
</datafield>
<datafield tag="600" ind1="1" ind2="0">
<subfield code="a">Ḥaddād, Najīb ibn Sulaymān,</subfield>
<subfield code="d">1867-1899</subfield>
<subfield code="x">Criticism and interpretation.</subfield>
</datafield>
<datafield tag="OWN" ind1=" " ind2=" ">
<subfield code="a">GENERAL</subfield>
</datafield>
<datafield tag="950" ind1=" " ind2=" ">
<subfield code="l">BMAIN</subfield>
<subfield code="h">05/13/2002 N</subfield>
<subfield code="h">05/13/2002 N</subfield>
</datafield>
<datafield tag="955" ind1=" " ind2=" ">
<subfield code="l">BMAIN</subfield>
<subfield code="c">1</subfield>
<subfield code="r">012428598</subfield>
<subfield code="i">05/13/02 C</subfield>
</datafield>
<datafield tag="998" ind1=" " ind2=" ">
<subfield code="a">05/13/02</subfield>
<subfield code="t">c</subfield>
<subfield code="s">9115</subfield>
<subfield code="n">NNU</subfield>
<subfield code="w">NYUG87B27005</subfield>
<subfield code="d">10/13/01</subfield>
<subfield code="b">MUS</subfield>
<subfield code="i">020513</subfield>
<subfield code="l">NYUG</subfield>
</datafield>
<datafield tag="AVA" ind1=" " ind2=" ">
<subfield code="a">NYU50</subfield>
<subfield code="b">BOBST</subfield>
<subfield code="c">Main Collection</subfield>
<subfield code="d">PJ7828.D22 Z6</subfield>
<subfield code="e">unavailable</subfield>
<subfield code="t">Unavailable</subfield>
<subfield code="f">1</subfield>
<subfield code="g">1</subfield>
<subfield code="h">N</subfield>
<subfield code="i">0</subfield>
<subfield code="j">MAIN</subfield>
<subfield code="k">0</subfield>
</datafield>
</record>
